3150 4434
453 358 500 427 'nc
526 375 673 433 uenturis
700 375 925 429 rrtvsrnrvm.
1075 375 1144 452 479

326 545 342 601 s
356 521 506 623 patriae,
520 518 637 599 auitae
653 520 813 607 uirtutis,
821 548 863 599 ac
875 519 1044 622 inprimis
1059 520 1140 622 glo-

326 649 332 698 :
347 622 434 704 Dei,
442 644 587 705 amans,
601 621 752 697 duobus
768 623 871 700 bellis
886 621 1067 698 intestinis
1082 622 1142 697 in·
1182 641 1186 657 ¹

326 721 448 808 fuerit,
477 718 575 798 etad
596 721 699 823 ptius
715 720 849 822 sponte
865 722 1073 822 proserius,
1097 743 1142 800 ut

326 821 597 902 rsultationibus
613 821 817 908 interellet,
831 848 880 899 ne
896 823 986 924 quid
1002 824 1142 899 aberra·

326 946 509 1006 munero,
528 920 575 997 ad
590 919 793 998 secundum
810 948 901 998 uero
920 923 1058 1000 inuitus
1072 945 1144 1019 ceu

326 1023 451 1100 ’ochus
467 1043 623 1098 uocatus
639 1021 692 1098 fit.
745 1025 818 1100 Die
840 1023 990 1100 decimo
1008 1045 1143 1124 quarto

326 1149 351 1198 :e
364 1120 642 1224 expeditionem
664 1123 766 1200 istem
789 1123 844 1200 bis
865 1149 936 1225 pro
959 1123 1146 1223 suggestu,

326 1251 357 1300 m
371 1222 562 1301 feruerent
573 1222 719 1308 omnia,
745 1222 871 1300 dixill'e
884 1226 983 1300 inter
998 1224 1062 1300 aliu
1079 1247 1143 1298 eo*

326 1349 351 1402 n
367 1323 515 1402 tuliore
528 1321 760 1425 perhibetur:
785 1326 875 1411 Scio,
889 1325 969 1418 fiio,
985 1325 1145 1426 inquam,

326 1423 357 1502 li
366 1424 420 1501 rei
426 1423 487 1525 fir,
495 1421 591 1521 Estst
596 1448 658 1500 um
672 1422 764 1500 mich
778 1451 826 1499 zu
843 1427 941 1511 ιίιιιιι,
950 1447 989 1500 ut
1006 1452 1064 1524 ego
1079 1424 1145 1502 tol-

326 1583 335 1612 ,
343 1527 444 1626 fiunt
458 1525 583 1603 onznia.
604 1525 645 1600 T
646 1524 866 1602 umultuarie
881 1525 1016 1600 deinde
1030 1521 1147 1627 egres·

342 1626 550 1726 Tigurinos
572 1623 738 1701 secutum
763 1624 865 1739 atldit
889 1627 985 1703 inter
1006 1629 1150 1727 polire·

326 1751 350 1804 »s
372 1749 689 1810 womburne,
721 1747 886 1825 equitem
911 1749 949 1802 et
968 1750 1148 1802 armatum

326 1850 455 1904 >more
467 1825 564 1900 illius
578 1824 710 1925 gentis,
722 1826 1004 1903 minimetamen
1014 1851 1055 1904 ut
1071 1827 1147 1901 bel-

326 1927 466 2019 luten,
494 1923 556 2002 sed
575 1948 617 2001 ut
634 1926 781 2002 bonum
803 1925 925 2002 ciuem
946 1951 983 2004 et
998 1925 1148 2003 fidelem

326 2025 534 2127 loremqui
547 2024 616 2104 suis
630 2026 670 2101 in
684 2049 852 2104 extremo
867 2028 1033 2130 periculo
1048 2025 1149 2104 dees·

326 2124 877 2228 toluerit.Tigurinorumenim
892 2127 1149 2206 itaferreeon·

326 2229 502 2306 :tudinem
521 2225 720 2319 interserit,
735 2253 777 2308 ut
792 2227 969 2306 Ecclefiae
986 2229 1150 2304 minister

326 2329 463 2408 marius
478 2353 552 2406 una
568 2330 609 2404 in
623 2330 739 2406 aciem
756 2330 942 2431 procedat.
970 2329 1152 2408 Occubu·

326 2428 499 2506 :demum
516 2427 630 2505 refert
643 2427 684 2504 in
698 2431 837 2530 praelio
847 2433 890 2507 A.
900 2431 1104 2506 MDXXXl
1113 2426 1152 2508 d.

326 2529 460 2610 klobr,
468 2526 637 2606 Eiusdem
646 2528 846 2610 sententiae
862 2532 1153 2631 estAnonyrnus

326 2630 422 2708 idam
433 2628 564 2709 Gallus
579 2629 816 2721 inTrebletu
827 2655 937 2731 quem
956 2631 1153 2730 inscripfit:

326 2729 461 2828 lisloirr
483 2729 530 2808 du
549 2730 757 2833 Caluinisme
779 2755 814 2806 et
836 2736 914 2809 celle
932 2732 980 2809 du
995 2727 1083 2833 Papi
1100 2753 1155 2806 me

326 2833 410 2918 ken
422 2829 595 2932 parallrlr.
620 2831 658 2924 l)
685 2837 736 2909 At
749 2834 849 2908 enim
865 2858 956 2908 uero
974 2834 1057 2932 quis
1073 2852 1155 2908 non

326 2935 387 3027 let,
396 2955 468 3010 tum
483 2957 794 3032 nonnumquam
804 2934 1151 3032 Anonpmumillum

326 3034 430 3112 rtiutn
445 3034 568 3109 studio
585 3033 776 3133 abrept05‚
791 3032 1051 3134 religionisque
1065 3031 1157 3110 loci·

326 3159 369 3216 te
386 3137 609 3218 concitator
626 3132 774 3208 militiae
786 3156 1027 3210 zuuruorrr
1051 3134 1157 3210 colo·

326 3233 557 3336 nquendnn
576 3232 751 3309 inducere
766 3234 944 3312 uoluiss'e?
960 3237 1056 3338 Qlis
1072 3256 1158 3310 non

326 3336 394 3422 let,
411 3336 537 3436 quod,
552 3332 639 3410 licet
655 3355 779 3435 neque
795 3335 1007 3436 capitanei,
1033 3358 1158 3435 neque

326 3436 377 3512 cis
393 3436 530 3519 bellici,
563 3435 709 3511 titulum
734 3436 940 3513 obtinuerit
964 3459 1157 3512 zuuruo-

326 3561 383 3620 rs,
426 3535 530 3612 miles
547 3557 666 3610 tumen
686 3534 749 3611 lull
767 3537 857 3611 bolri
874 3537 966 3611 ciuis
984 3561 1020 3612 et
1037 3533 1159 3612 fidelis

325 3636 424 3715 loris
449 3636 606 3713 nomine
628 3636 843 3737 personatus
864 3634 1068 3739 progtellus
1095 3635 1156 3724 fit,

1099 3758 1157 3812 82*
1229 3805 1273 3823 κ.

326 3840 348 3932 l)
370 3846 460 3922 Ριιτ,
478 3840 577 3916 ILil.
593 3849 617 3916 I
628 3849 704 3953 Cap.
721 3871 742 3923 t
