3150 4434
378 469 454 563 '450
551 481 781 537 aratrornaoa
804 485 971 543 unonvn
993 477 1140 552 ntrtrta'

380 649 485 720 rans,
518 653 613 730 quae
627 628 780 708 infaulla
795 630 857 709 fibi
872 635 1002 734 paullo
1018 663 1104 718 ante
1122 639 1164 720 ab
1176 663 1221 721 on

379 732 471 808 culo
487 730 676 830 Apollinis
699 729 813 808 ellent
847 734 1046 832 praediola.
1096 741 1221 820 Eccear

380 850 460 910 tem
476 829 538 905 uix
554 828 760 918 accesserat,
780 856 896 931 quum
912 859 1110 920 tarasium
1127 843 1221 920 nollo

377 927 591 1012 foemineae
605 929 839 1008 fortitudinis
854 937 1093 1038 exemplum,
1110 941 1157 1020 ita
1169 965 1221 1020 eur

379 1029 547 1132 excepit,
560 1054 602 1107 ut
615 1053 664 1105 ne
679 1059 696 1104 a
715 1029 805 1106 uiris
819 1032 973 1133 quidem
990 1040 1168 1120 maiorem
1179 1043 1221 1118 ui

375 1153 509 1218 tutem,
527 1131 657 1232 reique
678 1129 841 1208 militaris
864 1134 1053 1235 peritiam,
1085 1143 1221 1246 requirar

376 1232 532 1336 Quippe
549 1230 723 1307 omnibus
736 1230 803 1319 iis,
824 1233 888 1333 qui
902 1259 972 1335 per
990 1263 1221 1323 aetatemum

374 1330 474 1413 serre
491 1355 568 1406 non
584 1331 818 1431 poterannin
834 1357 946 1411 muro
963 1339 1013 1413 ad
1030 1339 1150 1422 hollea
1160 1365 1219 1447 pre

374 1433 436 1510 cul
453 1431 570 1508 dubio
584 1431 644 1506 uel
659 1429 861 1530 lapidibus,
877 1435 938 1510 uel
957 1464 1054 1540 aqua
1070 1438 1216 1528 candenti

372 1533 436 1612 uel
453 1531 656 1620 diiambus,
672 1528 918 1630 depellendos
935 1535 1134 1642 dil'pofitir,
1146 1541 1214 1636 inte·

370 1654 457 1738 grae
474 1628 596 1708 aetatis
609 1627 792 1706 foeminas
808 1634 925 1726 armis,
940 1661 1042 1738 quae
1057 1637 1211 1721 ueliudo

369 1732 495 1811 mibus
518 1727 682 1818 residua,
730 1732 790 1807 uel
804 1733 843 1809 in
860 1737 1014 1851 templis
1040 1737 1102 1819 sus
1154 1736 1209 1818 lte

368 1856 472 1924 rant,
510 1830 679 1931 undique
694 1832 925 1934 conquisitis,
940 1840 1205 1934 instrumento

366 1932 568 2014 collocauit
603 1931 712 2022 loco,
748 1955 827 2034 quo
865 1933 1067 2018 imminere
1100 1935 1205 2046 oppid)

364 2038 626 2134 Spartanorum
642 2031 908 2134 irruptionem,
931 2039 1204 2142 exploratumlu·

364 2135 488 2214 bebat.
537 2131 751 2210 Accedebat
775 2133 928 2212 mirifica
960 2144 1044 2218 eius
1072 2134 1202 2220 carminis

363 2236 442 2320 uis,
458 2258 529 2335 qua
545 2231 658 2309 socias
672 2231 721 2308 ita
737 2232 928 2322 excitauit,
944 2260 989 2318 ut
1003 2268 1051 2320 ex
1066 2235 1199 2319 foeminir

361 2334 572 2415 imbellibus
627 2330 796 2409 heroinis
848 2333 979 2415 similes
1031 2343 1198 2420 euadereu

359 2440 537 2532 Namque
552 2439 707 2536 propius
721 2433 965 2517 aduenientes
989 2439 1125 2522 hostet-
1178 2434 1188 2456 ’

357 2531 695 2619 tersustinuotunt,
712 2558 987 2618 cuaoueucu
1018 2567 1101 2639 ue,

356 2632 795 2724 suorumdesidetuntem,
809 2568 1021 2719 incredibili
1034 2643 1157 2735 uirtute
1184 2656 1188 2665 '

353 2745 542 2847 pulerunt.
614 2734 1190 2848 Qinalterumaetiamspampe

353 2840 1165 2943 rumRegem,neuauaTvu‚qui‚utsocn

353 2965 400 3022 τι
424 2936 635 3044 proditum,
656 2935 696 3011 in
710 2936 841 3014 urbem
865 2964 984 3041 paene
1004 2946 1073 3024 iam
1088 2945 1186 3044 irnp

352 3064 419 3124 rat.
428 3062 467 3121 et
475 3034 770 3135 Pamphy'liacum
785 3062 1047 3140 occupauerat,
1061 3045 1096 3124 ui
1109 3046 1185 3155 cieo

351 3166 451 3224 runt.
507 3134 608 3212 Uide
622 3135 782 3214 omnino
797 3136 846 3214 de
861 3137 1089 3248 illa,eiul⁴t]ue
1101 3158 1184 3223 caru

349 3245 474 3334 nibur,
489 3234 674 3318 unctores
696 3237 827 3315 citatos
841 3239 882 3316 in
897 3243 1042 3326 erudita
1058 3243 1182 3326 Dillem·

350 3347 500 3430 tione,
543 3335 586 3412 de
608 3337 754 3414 Poetriis
786 3341 966 3436 Graecis,
1011 3372 1114 3448 quam
1144 3335 1181 3420 lu

347 3441 530 3527 Praesidio
571 3440 857 3518 Rooooru.
908 3433 1180 3525 otaanrrll

346 3567 405 3620 ιο.
451 3561 624 3621 cnulsT·
691 3562 883 3618 uLvorlvs
942 3548 988 3624 A.
1017 3535 1178 3644 1708&

346 3640 463 3725 endit.
528 3638 711 3720 Ceterum
738 3640 841 3720 etin
870 3641 1003 3727 Celeb.
1025 3652 1178 3729 anunm

255 3784 341 3893 Ὗ
1090 3737 1175 3828 rau

319 3972 374 4075 Ἰ
