3150 4434
581 462 1039 545 PRAEFATIO.

323 632 568 739 Parentem
587 630 804 754 uide5,nb
823 629 1059 732 eademne
1079 626 1286 731 muitum

322 768 480 871 nostra
497 768 825 905 discreparent,
843 764 1003 868 sedulo
1015 761 1285 866 cauendum

324 906 440 1009 mihi
466 902 591 1005 duxi.
698 902 818 1008 Mihi
836 904 960 1004 enim
980 901 1111 1002 omni
1136 900 1286 1033 gratia

324 1035 531 1142 destituti
540 1037 760 1140 uidentur
769 1036 959 1157 libriilli,
1013 1066 1286 1137 nosnecre·

324 1207 442 1283 rum,
461 1173 827 1293 necuerborum,
847 1071 1287 1311 aequsirilisiunsiu-

324 1343 377 1413 ra
395 1308 713 1411 commendat.
800 1309 965 1445 ltaque
983 1340 1095 1444 prae
1114 1307 1285 1409 ceteris

323 1444 375 1548 id
392 1444 641 1577 diligenter
658 1444 755 1577 egi,
772 1471 826 1544 ut
844 1477 1030 1565 eorum,
1053 1443 1135 1580 qui
1152 1474 1287 1578 prae-

320 1579 448 1682 clara
474 1581 637 1683 Martis
664 1607 712 1681 et
738 1576 971 1680 Musarum
1001 1574 1147 1678 studia
1166 1611 1287 1677 eon-

323 1716 478 1819 iu'nsia
496 1743 703 1837 tenuere,
728 1711 889 1818 selesia
907 1715 1107 1816 maxime
1126 1745 1286 1814 exem-

324 1849 405 1988 pla
421 1848 708 1984 proferrem,
734 1848 1137 1983 illustrissimosque
1153 1877 1284 1949 uete·

324 1985 387 2087 ris
413 1988 584 2122 pariter
611 2020 665 2083 ac
691 1984 967 2082 recentioris
990 1984 1094 2081 aeui
1114 1981 1285 2085 heroas

325 2119 519 2258 prodire
547 2120 597 2217 in
614 2117 743 2219 hunc
768 2115 901 2217 uelut
918 2147 1137 2250 campum
1153 2112 1284 2217 iube-

327 2289 439 2358 rem.
499 2249 622 2355 Non
641 2253 765 2352 enirn
785 2249 955 2384 dignos
985 2283 1281 2353 commemo-

326 2390 526 2506 ratione,
542 2386 625 2487 nisr
645 2417 742 2506 eoS,
751 2386 926 2519 putaui,
936 2419 1057 2522 quos
1074 2412 1282 2523 utroque

326 2551 379 2624 et
397 2523 556 2628 Martis
575 2549 624 2621 et
641 2517 873 2623 Musarum
894 2523 1093 2656 negotio
1113 2553 1284 2659 nequa·

326 2656 445 2776 lem,
479 2688 677 2790 eamque
717 2651 954 2779 summam,
998 2649 1281 2759 consecutos

323 2789 514 2896 laudem
557 2823 815 2913 noueram,
854 2826 959 2915 nec,
1002 2788 1036 2892 sr'
1083 2789 1280 2894 obuium

326 2957 580 3062 quemque,
591 2924 738 3026 autad
754 2922 947 3027 bellicos
964 2924 1144 3027 labores
1159 2926 1281 3028 inui-

324 3085 380 3162 to
389 3060 539 3164 Marte
550 3087 787 3182 uocatum,
799 3090 878 3163 aut
888 3063 968 3164 uix
987 3064 1180 3162 nomine
1199 3095 1282 3161 co-

324 3195 508 3430 fnitum
526 3192 761 3327 Apollini,
789 3195 883 3297 huc
902 3192 1189 3315 arcesserem,
1210 3197 1281 3296 ul·

345 3361 424 3429 um
452 3326 639 3431 dicendi
672 3325 872 3436 sessurus
898 3329 1040 3432 finem
1074 3325 1280 3431 uidebar.

324 3463 523 3568 Exulare
539 3464 678 3598 igitur
695 3465 851 3598 opella
872 3465 960 3567 h‘ac
980 3497 1142 3566 eorum
1161 3464 1281 3564 mul-

326 3621 549 3754 tos,quos
558 3633 732 3736 magno
745 3600 858 3701 olim
868 3592 1279 3732 laboreflcongeise·

262 3832 381 3942 A(
1169 3761 1276 3842 rant
